@inproceedings{Zhang:2014:ORB:2623330.2623633,
 author = {Zhang, Weinan and Yuan, Shuai and Wang, Jun},
 title = {Optimal Real-time Bidding for Display Advertising},
 booktitle = {Proceedings of the 20th ACM SIGKDD International Conference on Knowledge Discovery and Data Mining},
 series = {KDD '14},
 year = {2014},
 isbn = {978-1-4503-2956-9},
 location = {New York, New York, USA},
 pages = {1077--1086},
 numpages = {10},
 url = {http://doi.acm.org/10.1145/2623330.2623633},
 doi = {10.1145/2623330.2623633},
 acmid = {2623633},
 publisher = {ACM},
 address = {New York, NY, USA},
 keywords = {bid optimisation, demand-side platform, display advertising, real-time bidding},
} 

@article{zhang2015statistical,
  title={Statistical Arbitrage Mining for Display Advertising},
  author={Zhang, Weinan and Wang, Jun},
  journal={KDD},
  year={2015}
}

@book{menezes2005introduction,
  title={An introduction to auction theory},
  author={Menezes, Flavio M and Monteiro, Paulo Klinger},
  year={2005},
  publisher={Oxford University Press}
}

@article{h.brendanmcmahangaryholt2013,
    title ={Ad Click Prediction: a View from the Trenches},
    author={H. Brendan McMahan and Gary Holt and D. Sculley and Michael Young and Dietmar Ebner and Julian Grady and Lan Nie and Todd Phillips and Eugene Davydov and Daniel Golovin and Sharat Chikkerur and Dan Liu and Martin Wattenberg and Arnar Mar Hranfnkelsson and Tom Boulos and Jeremt Kubica},
    journal={KDD},
    year={2013}
}

@ARTICLE {xinranhejunfengpanetc2014,
    author  = "Xinran  He and Junfeng Pan and Ou Jin and Tianbing Xu and Bo Liu and Tao Xu and Yanxin Shi and Antoine Atallah and Ralf Herbrich and Struart Bowers and Joaquin Quinonero Candela",
    title   = "Practical Lessons from Predicting Clicks on Ads at Facebook",
    journal = "KDD",
    year    = "2014"
}

@BOOK {richards.suttonandrewg.barto1998,
    author    = "Richard S. Sutton  and Andrew G. Barto",
    title     = "Reinforcement Learning: An Introduction",
    publisher = "MIT Press, Cambridge, MA",
    year      = "1998"
}

@BOOK {michaelgabrieljohnmoore1991,
    author    = "Michael Gabriel and John Moore",
    title     = "Learning and Computational Neuroscience: Foundations of Adaptive Networks",
    publisher = "The MIT Press",
    year      = "1991"
}

@ARTICLE {patrickhummelr.prestonmcafee2014,
    author  = "Patrick Hummel and R. Preston McAfee",
    title   = "Machine Learning in an Auction Environment",
    journal = "WWW",
    year    = "2014",
    month   = "apr"
}

@ARTICLE {saiminglimohammadmahdianr.prestonmcafee2010,
    author  = "Sai-Ming Li and Mohammad Mahdian and R. Preston McAfee",
    title   = "Value of Learning in Sponsored Search Acutions",
    journal = "Internet and Network Economics",
    year    = "2010",
    volume  = "6484",
    pages   = "294-305",
}

@ARTICLE {deepakagarwalbeechungchenpradheepelango2009,
    author  = "Deepak Agarwal and Bee-Chung Chen and Pradheep Elango",
    title   = "Explore/Exploit Schemes for Web Content Optimization",
    journal = "ICDM",
    year    = "2009"
}

@ARTICLE {thoregraepeljoaquinquinonerocandelathomasborchertralfherbrich2010,
    author  = "Thore Graepel and Joaquin Quinonero Candela and Thomas Borchert and Ralf Herbrich",
    title   = "Web-Scale Bayesian Click-Through Rate Prediction for Sponsored Search Advertising in Microsoft Bing Search Engine",
    journal = "27th International Conference on Machine Learning",
    year    = "2010",
    month   = "apr"
}

@MISC{Amin_budgetoptimization,
    author = {Kareem Amin and Michael Kearns and Peter Key and Anton Schwaighofer},
    title = {Budget Optimization for Sponsored Search: Censored Learning in MDPs},
    year = {2012}
}

@ARTICLE {williamvickrey1961,
    author  = "William Vickrey",
    title   = "Counterspeculation, Auctions, And Competitive Sealed Tenders",
    journal = "Journal of Finance",
    year    = "1961",
    volume  = "16",
    pages   = "8-39",
}

@article{zhang2014real,
title={Real-Time Bidding Benchmarking with iPinYou Dataset},
author={Zhang, Weinan and Yuan, Shuai and Wang, Jun and Shen, Xuehua},
journal={arXiv preprint arXiv:1407.7073},
year={2014}
}

@article{steffenrendle2010,
	author = {Rendle, Steffen},
	title = {Factorization Machines with {libFM}},
	journal = {ACM Trans. Intell. Syst. Technol.},
	issue_date = {May 2012},
	volume = {3},
	number = {3},
	month = May,
	year = {2012},
	issn = {2157-6904},
	pages = {57:1--57:22},
	articleno = {57},
	numpages = {22},
	publisher = {ACM},
	address = {New York, NY, USA},
}

@ARTICLE {peterauernicolocesabianchipaulfischer2002,
    author  = "Peter Auer and Nicolo Cesa-Bianchi and Paul Fischer",
    title   = "Finite-time Analysis of the Multiarmed Bandit Problem",
    journal = "Machine Learning",
    year    = "2002",
    volume  = "47",
    pages   = "235?256"
}

@ARTICLE {michaeljahrerandreastscherjeongyoonleejingjingdeng2012,
    author  = "Michael Jahrer and Andreas Tscher and Jeong-Yoon Lee and Jingjing Deng",
    title   = "Ensemble of collaborative filtering and feature engineered models for click through rate prediction.",
    journal = "KDD",
    year    = "2012"
}

@ARTICLE {ivantajduharbojanadalbeloba2012,
    author  = "Ivan Stajduhar and Bojana Dalbelo-Basic",
    title   = "Uncensoring censored data for machine learning: A likelihood-based approach",
    journal = "Expert Systems with Applications: An International Journal",
    year    = "2012",
    volume  = "39",
    number  = "8",
    pages   = "7226-7234",
    month   = "jun"
}

@ARTICLE {christianborgsjenniferchayesomidetesaminicoleimmorlicakamaljainmohammadmahdian2007,
    author  = "Christian Borgs and Jennifer Chayes and Omid Etesami and Nicole Immorlica and Kamal Jain and Mohammad Mahdian",
    title   = "Dynamics of Bid Optimization in Online Advertisement Auctions",
    journal = "WWW",
    year    = "2007"
}

@ARTICLE {e.l.kaplanpaulmeier1958,
    author  = "E. L. Kaplan and Paul Meier",
    title   = "Nonparametric estimation from incomplete observations",
    journal = "Journal of the American Statistical Association",
    year    = "1958",
    volume  = "53",
    number  = "282",
    pages   = "457-481",
    month   = "jun"
}

@ARTICLE {robertzeithammer2007,
    author  = "Robert Zeithammer",
    title   = "Strategic Bid-Shading and Sequential Auctioning with Learning from Past Prices",
    journal = "MANAGEMENT SCIENCE",
    year    = "2007",
    volume  = "53",
    number  = "9",
    pages   = "1510?1519",
    month   = "sep"
}

@ARTICLE {burrsettles2010,
    author = "Burr Settles",
    title  = "Active Learning Literature Survey",
    year   = "2010",
    month  = "jan"
}

@ARTICLE {johncharsanyi1967,
    author = "John C Harsanyi",
    title  = "Games with Incomplete Information Played by Bayesian Players",
    year   = "1967"
}

@ARTICLE {milgrompaililyasegal2002,
    author  = "Milgrom and Pail and Ilya Segal",
    title   = "Envelope Theorems for Arbitrary Choice Sets",
    journal = "Econometrica",
    year    = "2002",
    volume  = "70",
    pages   = "583-601",
}

@ARTICLE {robertwilson1977,
    author  = "Robert Wilson",
    title   = "A bidding model of perfect competition",
    journal = "Review of Economic Studies",
    year    = "1977"
}

@ARTICLE {yoshuabengioolivierdelalleau2012,
    author = "Yoshua Bengio and Olivier Delalleau",
    title  = "On the Expressive Power of Deep Architectures",
    year   = "2012"
}

@ARTICLE {olivierdelalleauyoshuabengio2012,
    author  = "Olivier Delalleau and Yoshua Bengio",
    title   = "Shallow vs. Deep Sum-Product Networks",
    journal = "NIPS",
    year    = "2012"
}

@ARTICLE {steffenrendlelarsschmidtthieme2010,
    author = "Steffen Rendle and Lars Schmidt-Thieme",
    title  = "Pairwise Interaction Tensor Factorization for Personalized Tag Recommendation",
    year   = "2010"
}

@ARTICLE {jeromeh.friedman1999,
    author = "Jerome H. Friedman",
    title  = "Greedy Function Approximation: A Gradient Boosting Machine",
    year   = "1999",
    month  = "feb"
}

@ARTICLE {h.brendanmcmahan2011,
    author  = "H. Brendan McMahan",
    title   = "Follow-the-Regularized-Leader and Mirror Descent: Equivalence Theorems and L1 Regularization",
    journal = "International Con- ference on Artificial Intelligence and Statistics (AISTATS)",
    year    = "2011",
    volume  = "15",
}

@ARTICLE {ronaldparrgavintaylorchristopherpainterwakefieldlihonglimichaellittman,
    author = "Ronald Parr and Gavin Taylor and Christopher Painter-Wakefield and Lihong Li and Michael Littman",
    title  = "Linear Value Function Approximation and Linear Models"
}

@ARTICLE {gavintaylorronaldparr2009,
    author  = "Gavin Taylor and Ronald Parr",
    title   = "Kernelized Value Function Approximation for Reinforcement Learning",
    journal = "International Conference on Machine Learning",
    year    = "2009"
}

@ARTICLE {franciscos.melom.isabelribeiro2007,
    author  = "Francisco S. Melo and M. Isabel Ribeiro",
    title   = "Convergence of Q-learning with linear function approximation",
    journal = "Proceedings of the European Control Conference",
    year    = "2007",
    month   = "jul"
}

@ARTICLE {miloshauskrechtbranislavkveton,
    author = "Milos Hauskrecht and Branislav Kveton",
    title  = "Linear Program Approximations for Factored Continuous-State Markov Decision Processes"
}

@ARTICLE {emarketer2013,
    author = "eMarketer",
    title  = "Rtb ad spend continues robust growth.",
    year   = "2013"
}
